@book{BIOINFORMATICS-TRENDS-AND-METHODOLOGIES,
    title = {BIOINFORMATICS â€“ TRENDS AND METHODOLOGIES},
    author = {Mahmood A. Mahdavi},
    series = {Linked Data},
    year = {2011},
    publisher = {InTech},
    keywords = {BIOINFORMATICS, Linked Data},
}
